@article{bohm2010cloud,
  title={Cloud computing and computing evolution},
  author={Bohm, Markus and Leimeister, Stefanie and Riedl, Christoph and Krcmar, Helmut},
  journal={B. Smith,“An approach to graphs of linear forms (Unpublished work style),” unpublished},
  year={2010}
  url={"https://www.researchgate.net/profile/Markus_Boehm/publication/268011245_Cloud_Computing_and_Computing_Evolution/links/548726750cf2ef34478ec2de.pdf"}
}

@article{mel2011nist,
  title={The NIST definition of cloud computing},
  author={Mell, Peter and Grance, Tim and others},
  year={2011},
  publisher={Computer Security Division, Information Technology Laboratory, National Institute of Standards and Technology Gaithersburg}
}

@article{cc2011principles,
  Author = {BUYYA, Rajkumar, James BROBERG a Andrzej GOŚCIŃSKI},
  Title = {Cloud Computing: Principles and Paradigms},
  Publisher = {Wiley},
  Year = {2011},
  ISBN = {0470887990},
  URL = {https://www.amazon.com/Cloud-Computing-Principles-Rajkumar-Buyya/dp/0470887990?SubscriptionId=AKIAIOBINVZYXZQZ2U3A&tag=chimbori05-20&linkCode=xm2&camp=2025&creative=165953&creativeASIN=0470887990}
	
}

@article{Vaquero-cloud-definition,
  author={Luis M. Vaquero, Luis Rodero-Merino, Juan Caceres, Maik Lindner}
  title={A Break in the Clouds: Towards a Cloud Definitio}
  year={2009}
  month={January}
  note={http://ccr.sigcomm.org/online/files/p50-v39n1l-vaqueroA.pdf}
}

@article{Ambrust2009,
  author = {, Armbrust and , Michael and Fox, Armando and , Armando and , Griffith and , Rean and , Joseph and D, Anthony and Katz, Randy and H, Randy and Konwinski, Andy and , Andrew and Lee, Gunho and , Gunho and , Patterson and A, David and , Rabkin and , Ariel and , Stoica and , Matei},
  year = {2009},
  month = {01},
  pages = {},
  title = {Above the Clouds: A Berkeley View of Cloud Computing}
  url= {https://www2.eecs.berkeley.edu/Pubs/TechRpts/2009/EECS-2009-28.pdf}

}

